%% This BibTeX bibliography file was created using BibDesk.
%% http://bibdesk.sourceforge.net/


%% Created for Peter Lamb at 2020-05-26 16:24:57 +1200 


%% Saved with string encoding Unicode (UTF-8) 



@article{Robergs2010,
	Author = {Robert A Robergs and Dan Dwyer and Todd Astorino },
	Date-Added = {2020-05-26 16:15:55 +1200},
	Date-Modified = {2020-05-26 16:24:57 +1200},
	Journal = {Sports Medicine},
	Number = {95--111},
	Title = {Recommendations for Improved Data Processing from Expired Gas Analysis Indirect Calorimetry},
	Volume = {40},
	Year = {2010}}
